%YAML 1.1
%TAG !u! tag:unity3d.com,2011:
--- !u!1 &391025612
GameObject:
  m_ObjectHideFlags: 0
  m_CorrespondingSourceObject: {fileID: 0}
  m_PrefabInstance: {fileID: 0}
  m_PrefabAsset: {fileID: 0}
  serializedVersion: 6
  m_Component:
  - component: {fileID: 391025587}
  - component: {fileID: 391025585}
  - component: {fileID: 391025586}
  m_Layer: 2
  m_Name: hitBox
  m_TagString: Ignore Ragdoll
  m_Icon: {fileID: 0}
  m_NavMeshLayer: 0
  m_StaticEditorFlags: 0
  m_IsActive: 1
--- !u!4 &391025587
Transform:
  m_ObjectHideFlags: 0
  m_CorrespondingSourceObject: {fileID: 0}
  m_PrefabInstance: {fileID: 0}
  m_PrefabAsset: {fileID: 0}
  m_GameObject: {fileID: 391025612}
  m_LocalRotation: {x: -0.70710766, y: 0.000017819926, z: -0.707106, w: 0.000018046238}
  m_LocalPosition: {x: 26.398638, y: 0.000009894371, z: -0.000059247017}
  m_LocalScale: {x: 15, y: 14.999998, z: 37.712315}
  m_Children: []
  m_Father: {fileID: 2032817098063270047}
  m_RootOrder: 1
  m_LocalEulerAnglesHint: {x: 0, y: 0, z: 0}
--- !u!114 &391025585
MonoBehaviour:
  m_ObjectHideFlags: 0
  m_CorrespondingSourceObject: {fileID: 0}
  m_PrefabInstance: {fileID: 0}
  m_PrefabAsset: {fileID: 0}
  m_GameObject: {fileID: 391025612}
  m_Enabled: 1
  m_EditorHideFlags: 0
  m_Script: {fileID: 11500000, guid: fb97f58541b05b24ab37661346298ff2, type: 3}
  m_Name: 
  m_EditorClassIdentifier: 
  openCloseEvents: 0
  openCloseWindow: 0
  selectedToolbar: 0
  attackObject: {fileID: 0}
  damagePercentage: 100
  triggerType: 3
--- !u!65 &391025586
BoxCollider:
  m_ObjectHideFlags: 0
  m_CorrespondingSourceObject: {fileID: 0}
  m_PrefabInstance: {fileID: 0}
  m_PrefabAsset: {fileID: 0}
  m_GameObject: {fileID: 391025612}
  m_Material: {fileID: 0}
  m_IsTrigger: 0
  m_Enabled: 1
  serializedVersion: 2
  m_Size: {x: 1, y: 1, z: 1}
  m_Center: {x: 0, y: 0, z: 0}
--- !u!1 &573356399
GameObject:
  m_ObjectHideFlags: 0
  m_CorrespondingSourceObject: {fileID: 0}
  m_PrefabInstance: {fileID: 0}
  m_PrefabAsset: {fileID: 0}
  serializedVersion: 6
  m_Component:
  - component: {fileID: 573356398}
  - component: {fileID: 573356396}
  - component: {fileID: 573356397}
  m_Layer: 2
  m_Name: hitBox
  m_TagString: Ignore Ragdoll
  m_Icon: {fileID: 0}
  m_NavMeshLayer: 1
  m_StaticEditorFlags: 0
  m_IsActive: 1
--- !u!4 &573356398
Transform:
  m_ObjectHideFlags: 0
  m_CorrespondingSourceObject: {fileID: 0}
  m_PrefabInstance: {fileID: 0}
  m_PrefabAsset: {fileID: 0}
  m_GameObject: {fileID: 573356399}
  m_LocalRotation: {x: -0.7066094, y: -0.00000039464794, z: -0.7076038, w: 0.00000013189856}
  m_LocalPosition: {x: 18.980162, y: -0.000000085216016, z: 0.026692059}
  m_LocalScale: {x: 14.999994, y: 15.000001, z: 27.114508}
  m_Children: []
  m_Father: {fileID: 2032817098063320785}
  m_RootOrder: 1
  m_LocalEulerAnglesHint: {x: 0, y: 0, z: 0}
--- !u!114 &573356396
MonoBehaviour:
  m_ObjectHideFlags: 0
  m_CorrespondingSourceObject: {fileID: 0}
  m_PrefabInstance: {fileID: 0}
  m_PrefabAsset: {fileID: 0}
  m_GameObject: {fileID: 573356399}
  m_Enabled: 1
  m_EditorHideFlags: 0
  m_Script: {fileID: 11500000, guid: fb97f58541b05b24ab37661346298ff2, type: 3}
  m_Name: 
  m_EditorClassIdentifier: 
  openCloseEvents: 0
  openCloseWindow: 0
  selectedToolbar: 0
  attackObject: {fileID: 0}
  damagePercentage: 100
  triggerType: 3
--- !u!65 &573356397
BoxCollider:
  m_ObjectHideFlags: 0
  m_CorrespondingSourceObject: {fileID: 0}
  m_PrefabInstance: {fileID: 0}
  m_PrefabAsset: {fileID: 0}
  m_GameObject: {fileID: 573356399}
  m_Material: {fileID: 0}
  m_IsTrigger: 0
  m_Enabled: 1
  serializedVersion: 2
  m_Size: {x: 1, y: 1, z: 1}
  m_Center: {x: 0, y: 0, z: 0}
--- !u!1 &1069372520
GameObject:
  m_ObjectHideFlags: 0
  m_CorrespondingSourceObject: {fileID: 0}
  m_PrefabInstance: {fileID: 0}
  m_PrefabAsset: {fileID: 0}
  serializedVersion: 6
  m_Component:
  - component: {fileID: 1069372527}
  - component: {fileID: 1069372525}
  - component: {fileID: 1069372526}
  m_Layer: 2
  m_Name: hitBox
  m_TagString: Ignore Ragdoll
  m_Icon: {fileID: 0}
  m_NavMeshLayer: 1
  m_StaticEditorFlags: 0
  m_IsActive: 1
--- !u!4 &1069372527
Transform:
  m_ObjectHideFlags: 0
  m_CorrespondingSourceObject: {fileID: 0}
  m_PrefabInstance: {fileID: 0}
  m_PrefabAsset: {fileID: 0}
  m_GameObject: {fileID: 1069372520}
  m_LocalRotation: {x: -0.000000044470653, y: 0.70760405, z: -0.00000021141022, w: -0.70660925}
  m_LocalPosition: {x: -18.980164, y: -0.00000039115548, z: -0.02670394}
  m_LocalScale: {x: 15, y: 15.000003, z: 27.114553}
  m_Children: []
  m_Father: {fileID: 2032817098063314429}
  m_RootOrder: 1
  m_LocalEulerAnglesHint: {x: 0, y: 0, z: 0}
--- !u!114 &1069372525
MonoBehaviour:
  m_ObjectHideFlags: 0
  m_CorrespondingSourceObject: {fileID: 0}
  m_PrefabInstance: {fileID: 0}
  m_PrefabAsset: {fileID: 0}
  m_GameObject: {fileID: 1069372520}
  m_Enabled: 1
  m_EditorHideFlags: 0
  m_Script: {fileID: 11500000, guid: fb97f58541b05b24ab37661346298ff2, type: 3}
  m_Name: 
  m_EditorClassIdentifier: 
  openCloseEvents: 0
  openCloseWindow: 0
  selectedToolbar: 0
  attackObject: {fileID: 0}
  damagePercentage: 100
  triggerType: 3
--- !u!65 &1069372526
BoxCollider:
  m_ObjectHideFlags: 0
  m_CorrespondingSourceObject: {fileID: 0}
  m_PrefabInstance: {fileID: 0}
  m_PrefabAsset: {fileID: 0}
  m_GameObject: {fileID: 1069372520}
  m_Material: {fileID: 0}
  m_IsTrigger: 0
  m_Enabled: 1
  serializedVersion: 2
  m_Size: {x: 1, y: 1, z: 1}
  m_Center: {x: 0, y: 0, z: 0}
--- !u!1 &1149323265
GameObject:
  m_ObjectHideFlags: 0
  m_CorrespondingSourceObject: {fileID: 0}
  m_PrefabInstance: {fileID: 0}
  m_PrefabAsset: {fileID: 0}
  serializedVersion: 6
  m_Component:
  - component: {fileID: 1149323264}
  - component: {fileID: 1149323270}
  - component: {fileID: 1149323271}
  m_Layer: 2
  m_Name: hitBox
  m_TagString: Ignore Ragdoll
  m_Icon: {fileID: 0}
  m_NavMeshLayer: 0
  m_StaticEditorFlags: 0
  m_IsActive: 1
--- !u!4 &1149323264
Transform:
  m_ObjectHideFlags: 0
  m_CorrespondingSourceObject: {fileID: 0}
  m_PrefabInstance: {fileID: 0}
  m_PrefabAsset: {fileID: 0}
  m_GameObject: {fileID: 1149323265}
  m_LocalRotation: {x: -0.00000017881393, y: -0.7071068, z: 0.00000020861626, w: 0.7071068}
  m_LocalPosition: {x: -26.398666, y: -0.0000030994415, z: 0.00000071525574}
  m_LocalScale: {x: 14.999997, y: 14.999998, z: 37.71235}
  m_Children: []
  m_Father: {fileID: 2032817098063291877}
  m_RootOrder: 1
  m_LocalEulerAnglesHint: {x: 0, y: 0, z: 0}
--- !u!114 &1149323270
MonoBehaviour:
  m_ObjectHideFlags: 0
  m_CorrespondingSourceObject: {fileID: 0}
  m_PrefabInstance: {fileID: 0}
  m_PrefabAsset: {fileID: 0}
  m_GameObject: {fileID: 1149323265}
  m_Enabled: 1
  m_EditorHideFlags: 0
  m_Script: {fileID: 11500000, guid: fb97f58541b05b24ab37661346298ff2, type: 3}
  m_Name: 
  m_EditorClassIdentifier: 
  openCloseEvents: 0
  openCloseWindow: 0
  selectedToolbar: 0
  attackObject: {fileID: 0}
  damagePercentage: 100
  triggerType: 3
--- !u!65 &1149323271
BoxCollider:
  m_ObjectHideFlags: 0
  m_CorrespondingSourceObject: {fileID: 0}
  m_PrefabInstance: {fileID: 0}
  m_PrefabAsset: {fileID: 0}
  m_GameObject: {fileID: 1149323265}
  m_Material: {fileID: 0}
  m_IsTrigger: 0
  m_Enabled: 1
  serializedVersion: 2
  m_Size: {x: 1, y: 1, z: 1}
  m_Center: {x: 0, y: 0, z: 0}
--- !u!54 &1578284475
Rigidbody:
  m_ObjectHideFlags: 0
  m_CorrespondingSourceObject: {fileID: 0}
  m_PrefabInstance: {fileID: 0}
  m_PrefabAsset: {fileID: 0}
  m_GameObject: {fileID: 2032817098063005795}
  serializedVersion: 2
  m_Mass: 50
  m_Drag: 0
  m_AngularDrag: 0.05
  m_UseGravity: 1
  m_IsKinematic: 0
  m_Interpolate: 0
  m_Constraints: 112
  m_CollisionDetection: 0
--- !u!136 &1578284468
CapsuleCollider:
  m_ObjectHideFlags: 0
  m_CorrespondingSourceObject: {fileID: 0}
  m_PrefabInstance: {fileID: 0}
  m_PrefabAsset: {fileID: 0}
  m_GameObject: {fileID: 2032817098063005795}
  m_Material: {fileID: 0}
  m_IsTrigger: 0
  m_Enabled: 1
  m_Radius: 0.25
  m_Height: 1.66
  m_Direction: 1
  m_Center: {x: 0, y: 0.83, z: 0}
--- !u!114 &1578284464
MonoBehaviour:
  m_ObjectHideFlags: 0
  m_CorrespondingSourceObject: {fileID: 0}
  m_PrefabInstance: {fileID: 0}
  m_PrefabAsset: {fileID: 0}
  m_GameObject: {fileID: 2032817098063005795}
  m_Enabled: 1
  m_EditorHideFlags: 0
  m_Script: {fileID: 11500000, guid: c11b181c688f7664aba8ba5b38942ac9, type: 3}
  m_Name: 
  m_EditorClassIdentifier: 
  openCloseEvents: 0
  openCloseWindow: 1
  selectedToolbar: 0
  Members:
  - transform: {fileID: 2032817098063314429}
    bodyPart: LeftLowerArm
    attackObject: {fileID: 1195095487}
    isHuman: 1
  - transform: {fileID: 2032817098063320785}
    bodyPart: RightLowerArm
    attackObject: {fileID: 948984565}
    isHuman: 1
  - transform: {fileID: 2032817098063270047}
    bodyPart: LeftLowerLeg
    attackObject: {fileID: 1958334618}
    isHuman: 1
  - transform: {fileID: 2032817098063291877}
    bodyPart: RightLowerLeg
    attackObject: {fileID: 750001758}
    isHuman: 1
  defaultDamage:
    damageValue: 10
    staminaBlockCost: 5
    staminaRecoveryDelay: 1
    ignoreDefense: 0
    activeRagdoll: 0
    senselessTime: 0
    sender: {fileID: 0}
    receiver: {fileID: 0}
    hitPosition: {x: 0, y: 0, z: 0}
    hitReaction: 1
    recoil_id: 0
    reaction_id: 0
    damageType: 
    force: {x: 0, y: 0, z: 0}
  hitProperties:
    hitDamageTags:
    - Enemy
    - Player
    useRecoil: 1
    drawRecoilGizmos: 0
    recoilRange: 90
    hitRecoilLayer:
      serializedVersion: 2
      m_Bits: 256
  leftWeapon: {fileID: 0}
  rightWeapon: {fileID: 0}
  onDamageHit:
    m_PersistentCalls:
      m_Calls: []
  onRecoilHit:
    m_PersistentCalls:
      m_Calls: []
  onEquipWeapon:
    m_PersistentCalls:
      m_Calls: []
  defaultAttackDistance: 1
  defaultStaminaCost: 20
  defaultStaminaRecoveryDelay: 1
  defaultDefenseRate: 100
  defaultDefenseRange: 90
--- !u!195 &1578284469
NavMeshAgent:
  m_ObjectHideFlags: 0
  m_CorrespondingSourceObject: {fileID: 0}
  m_PrefabInstance: {fileID: 0}
  m_PrefabAsset: {fileID: 0}
  m_GameObject: {fileID: 2032817098063005795}
  m_Enabled: 1
  m_AgentTypeID: 0
  m_Radius: 0.5
  m_Speed: 3.5
  m_Acceleration: 8
  avoidancePriority: 50
  m_AngularSpeed: 120
  m_StoppingDistance: 0
  m_AutoTraverseOffMeshLink: 1
  m_AutoBraking: 1
  m_AutoRepath: 1
  m_Height: 2
  m_BaseOffset: 0
  m_WalkableMask: 4294967295
  m_ObstacleAvoidanceType: 4
--- !u!114 &1578284470
MonoBehaviour:
  m_ObjectHideFlags: 0
  m_CorrespondingSourceObject: {fileID: 0}
  m_PrefabInstance: {fileID: 0}
  m_PrefabAsset: {fileID: 0}
  m_GameObject: {fileID: 2032817098063005795}
  m_Enabled: 1
  m_EditorHideFlags: 0
  m_Script: {fileID: 11500000, guid: d02d7fc772c5168479e3f345a487d428, type: 3}
  m_Name: 
  m_EditorClassIdentifier: 
  openCloseEvents: 0
  openCloseWindow: 1
  selectedToolbar: 0
  _fsmBehaviour: {fileID: 11400000, guid: e1526f9f3843ef74e86c2df008aaa78a, type: 2}
  _stop: 0
  _debugMode: 0
  onStartFSM:
    m_PersistentCalls:
      m_Calls: []
  onPauseFSM:
    m_PersistentCalls:
      m_Calls: []
  onResetFSM:
    m_PersistentCalls:
      m_Calls: []
  onStateEnter:
    m_PersistentCalls:
      m_Calls: []
  onStateExit:
    m_PersistentCalls:
      m_Calls: []
  onChangeBehaviour:
    m_PersistentCalls:
      m_Calls: []
--- !u!114 &1578284471
MonoBehaviour:
  m_ObjectHideFlags: 0
  m_CorrespondingSourceObject: {fileID: 0}
  m_PrefabInstance: {fileID: 0}
  m_PrefabAsset: {fileID: 0}
  m_GameObject: {fileID: 2032817098063005795}
  m_Enabled: 1
  m_EditorHideFlags: 0
  m_Script: {fileID: 11500000, guid: b8cc87428c178f84b9fc7ed68f7c3264, type: 3}
  m_Name: 
  m_EditorClassIdentifier: 
  openCloseEvents: 0
  openCloseWindow: 1
  selectedToolbar: 0
  _isDead: 0
  _currentHealth: 0
  isImmortal: 0
  fillHealthOnStart: 1
  maxHealth: 20
  healthRecovery: 0
  healthRecoveryDelay: 0
  currentHealthRecoveryDelay: 0
  checkHealthEvents: []
  _onStartReceiveDamage:
    m_PersistentCalls:
      m_Calls: []
  _onReceiveDamage:
    m_PersistentCalls:
      m_Calls: []
  _onDead:
    m_PersistentCalls:
      m_Calls: []
  onChangeHealth:
    m_PersistentCalls:
      m_Calls: []
  onResetHealth:
    m_PersistentCalls:
      m_Calls: []
  deathBy: 0
  removeComponentsAfterDie: 1
  disableControllerOnStart: 0
  currentSpeed: 0
  animatorSpeed: 1
  inputMagnitudeSmooth: 0.2
  useRootMotion: 0
  turnOnSpotAnim: 1
  freeSpeed:
    rotationSpeed: 10
    walkSpeed: 2
    runningSpeed: 3
    sprintSpeed: 4
    crouchSpeed: 2
  strafeSpeed:
    rotationSpeed: 10
    walkSpeed: 2
    runningSpeed: 3
    sprintSpeed: 4
    crouchSpeed: 2
  _useStepOffSet: 1
  stepOffsetEnd: 0.45
  stepOffsetStart: 0.05
  stepSmooth: 4
  jumpSpeedPerMeter: 0.15
  jumpHeight: 0.75
  checkGroundDistance: 0.3
  groundLayer:
    serializedVersion: 2
    m_Bits: 262145
  useAutoCrouch: 0
  headDetectStart: 0.4
  headDetectHeight: 0.4
  headDetectMargin: 0.02
  autoCrouchLayer:
    serializedVersion: 2
    m_Bits: 1
  debugAutoCrouch: 0
  onEnableController:
    m_PersistentCalls:
      m_Calls: []
  onDisableController:
    m_PersistentCalls:
      m_Calls: []
  _onActiveRagdoll:
    m_PersistentCalls:
      m_Calls: []
  _rigidbody: {fileID: 0}
  frictionPhysics: {fileID: 0}
  maxFrictionPhysics: {fileID: 0}
  slippyPhysics: {fileID: 0}
  _capsuleCollider: {fileID: 1578284468}
  targetDirection: {x: 0, y: 0, z: 0}
  input: {x: 0, y: 0, z: 0}
  lockMovement: 0
  lockRotation: 0
  stopMove: 0
  inTurn: 0
  isJumping: 0
  doingCustomAction: 0
  customAction: 0
  triggerDieBehaviour: 0
  disableAgentOnStart: 1
  useNavMeshAgent: 1
  updatePathQuality: 3
  aceleration: 8
  _stopingDistance: 0.2
  _walkingStopingDistance: 0
  _runningStopingDistance: 0.1
  _sprintingStopingDistance: 0.15
  _waypointArea: {fileID: 0}
  _changeWaypointDistance: 0
  _invertWaypointsOrder: 0
  _randomStartingPoint: 1
  _randomWaypoint: 1
  startUsingSpecificWaypoint: 0
  startWaypointIndex: 0
  startUsingNearWayPoint: 0
  _selfStartingPoint: 0
  _customStartingPoint: {fileID: 0}
  detectionPointReference: {fileID: 0}
  sightMethod: 3
  findTargetUpdateQuality: 3
  canseeTargetUpdateQuality: 2
  findOtherTarget: 0
  maxTargetsDetection: 10
  _changeTargetDelay: 2
  findTargetByDistance: 1
  _fieldOfView: 90
  _minDistanceToDetect: 3
  _maxDistanceToDetect: 6
  _hasPositionOfTheTarget: 0
  _targetInLineOfSight: 0
  _lostTargetDistance: 4
  _timeToLostWithoutSight: 5
  _detectLayer:
    serializedVersion: 2
    m_Bits: 256
  _detectTags:
    tags:
    - Player
  _obstacles:
    serializedVersion: 2
    m_Bits: 1
  _debugVisualDetection: 0
  _debugRaySight: 0
  _debugLastTargetPosition: 0
  _currentTarget:
    _transform: {fileID: 0}
    _collider: {fileID: 0}
    isFixedTarget: 1
    isLost: 0
    _hadHealthController: 0
  _receivedDamage:
    isValid: 0
    lastValue: 0
    lasType: unnamed
    lastSender: {fileID: 0}
    massiveCount: 0
    massiveValue: 0
  navMeshAgent: {fileID: 0}
  myTarget: {fileID: 0}
  moveToTarget: 0
  _minAttackTime: 0.5
  _maxAttackTime: 2
  _minAttackCount: 1
  _maxAttackCount: 3
  _attackDistance: 1
  _combatBlockingChance: 50
  _onDamageBlockingChance: 25
  _minStayBlockingTime: 4
  _maxStayBlockingTime: 6
  _minTimeToTryBlock: 4
  _maxTimeToTryBlock: 6
  ignoreDefenseDamageTypes:
  - unarmed
  - melee
  _minDistanceOfTheTarget: 2
  _combatDistance: 4
  _strafeCombatMovement: 1
  _alwaysStrafe: 0
  _minTimeToChangeStrafeSide: 1
  _maxTimeToChangeStrafeSide: 4
  _isInCombat: 0
  _isAiming: 0
  _isBlocking: 0
--- !u!114 &1195095487
MonoBehaviour:
  m_ObjectHideFlags: 0
  m_CorrespondingSourceObject: {fileID: 0}
  m_PrefabInstance: {fileID: 0}
  m_PrefabAsset: {fileID: 0}
  m_GameObject: {fileID: 2032817098062927435}
  m_Enabled: 1
  m_EditorHideFlags: 0
  m_Script: {fileID: 11500000, guid: c0befb9e9384ab34d9dfc9d3cabf04b3, type: 3}
  m_Name: 
  m_EditorClassIdentifier: 
  openCloseEvents: 0
  openCloseWindow: 0
  selectedToolbar: 0
  damage:
    damageValue: 15
    staminaBlockCost: 5
    staminaRecoveryDelay: 1
    ignoreDefense: 0
    activeRagdoll: 0
    senselessTime: 0
    sender: {fileID: 0}
    receiver: {fileID: 0}
    hitPosition: {x: 0, y: 0, z: 0}
    hitReaction: 1
    recoil_id: 0
    reaction_id: 0
    damageType: 
    force: {x: 0, y: 0, z: 0}
  overrideDamageSender: {fileID: 0}
  hitBoxes:
  - {fileID: 1069372525}
  damageModifier: 0
  canApplyDamage: 0
  onDamageHit:
    m_PersistentCalls:
      m_Calls: []
  onRecoilHit:
    m_PersistentCalls:
      m_Calls: []
  onPassDamage:
    m_PersistentCalls:
      m_Calls: []
  onEnableDamage:
    m_PersistentCalls:
      m_Calls: []
  onDisableDamage:
    m_PersistentCalls:
      m_Calls: []
  meleeManager: {fileID: 0}
--- !u!114 &948984565
MonoBehaviour:
  m_ObjectHideFlags: 0
  m_CorrespondingSourceObject: {fileID: 0}
  m_PrefabInstance: {fileID: 0}
  m_PrefabAsset: {fileID: 0}
  m_GameObject: {fileID: 2032817098062958483}
  m_Enabled: 1
  m_EditorHideFlags: 0
  m_Script: {fileID: 11500000, guid: c0befb9e9384ab34d9dfc9d3cabf04b3, type: 3}
  m_Name: 
  m_EditorClassIdentifier: 
  openCloseEvents: 0
  openCloseWindow: 0
  selectedToolbar: 0
  damage:
    damageValue: 15
    staminaBlockCost: 5
    staminaRecoveryDelay: 1
    ignoreDefense: 0
    activeRagdoll: 0
    senselessTime: 0
    sender: {fileID: 0}
    receiver: {fileID: 0}
    hitPosition: {x: 0, y: 0, z: 0}
    hitReaction: 1
    recoil_id: 0
    reaction_id: 0
    damageType: 
    force: {x: 0, y: 0, z: 0}
  overrideDamageSender: {fileID: 0}
  hitBoxes:
  - {fileID: 573356396}
  damageModifier: 0
  canApplyDamage: 0
  onDamageHit:
    m_PersistentCalls:
      m_Calls: []
  onRecoilHit:
    m_PersistentCalls:
      m_Calls: []
  onPassDamage:
    m_PersistentCalls:
      m_Calls: []
  onEnableDamage:
    m_PersistentCalls:
      m_Calls: []
  onDisableDamage:
    m_PersistentCalls:
      m_Calls: []
  meleeManager: {fileID: 0}
--- !u!114 &1958334618
MonoBehaviour:
  m_ObjectHideFlags: 0
  m_CorrespondingSourceObject: {fileID: 0}
  m_PrefabInstance: {fileID: 0}
  m_PrefabAsset: {fileID: 0}
  m_GameObject: {fileID: 2032817098062940279}
  m_Enabled: 1
  m_EditorHideFlags: 0
  m_Script: {fileID: 11500000, guid: c0befb9e9384ab34d9dfc9d3cabf04b3, type: 3}
  m_Name: 
  m_EditorClassIdentifier: 
  openCloseEvents: 0
  openCloseWindow: 0
  selectedToolbar: 0
  damage:
    damageValue: 15
    staminaBlockCost: 5
    staminaRecoveryDelay: 1
    ignoreDefense: 0
    activeRagdoll: 0
    senselessTime: 0
    sender: {fileID: 0}
    receiver: {fileID: 0}
    hitPosition: {x: 0, y: 0, z: 0}
    hitReaction: 1
    recoil_id: 0
    reaction_id: 0
    damageType: 
    force: {x: 0, y: 0, z: 0}
  overrideDamageSender: {fileID: 0}
  hitBoxes:
  - {fileID: 391025585}
  damageModifier: 0
  canApplyDamage: 0
  onDamageHit:
    m_PersistentCalls:
      m_Calls: []
  onRecoilHit:
    m_PersistentCalls:
      m_Calls: []
  onPassDamage:
    m_PersistentCalls:
      m_Calls: []
  onEnableDamage:
    m_PersistentCalls:
      m_Calls: []
  onDisableDamage:
    m_PersistentCalls:
      m_Calls: []
  meleeManager: {fileID: 0}
--- !u!114 &750001758
MonoBehaviour:
  m_ObjectHideFlags: 0
  m_CorrespondingSourceObject: {fileID: 0}
  m_PrefabInstance: {fileID: 0}
  m_PrefabAsset: {fileID: 0}
  m_GameObject: {fileID: 2032817098063004517}
  m_Enabled: 1
  m_EditorHideFlags: 0
  m_Script: {fileID: 11500000, guid: c0befb9e9384ab34d9dfc9d3cabf04b3, type: 3}
  m_Name: 
  m_EditorClassIdentifier: 
  openCloseEvents: 0
  openCloseWindow: 0
  selectedToolbar: 0
  damage:
    damageValue: 15
    staminaBlockCost: 5
    staminaRecoveryDelay: 1
    ignoreDefense: 0
    activeRagdoll: 0
    senselessTime: 0
    sender: {fileID: 0}
    receiver: {fileID: 0}
    hitPosition: {x: 0, y: 0, z: 0}
    hitReaction: 1
    recoil_id: 0
    reaction_id: 0
    damageType: 
    force: {x: 0, y: 0, z: 0}
  overrideDamageSender: {fileID: 0}
  hitBoxes:
  - {fileID: 1149323270}
  damageModifier: 0
  canApplyDamage: 0
  onDamageHit:
    m_PersistentCalls:
      m_Calls: []
  onRecoilHit:
    m_PersistentCalls:
      m_Calls: []
  onPassDamage:
    m_PersistentCalls:
      m_Calls: []
  onEnableDamage:
    m_PersistentCalls:
      m_Calls: []
  onDisableDamage:
    m_PersistentCalls:
      m_Calls: []
  meleeManager: {fileID: 0}
--- !u!1001 &2032817098062825179
PrefabInstance:
  m_ObjectHideFlags: 0
  serializedVersion: 2
  m_Modification:
    m_TransformParent: {fileID: 0}
    m_Modifications:
    - target: {fileID: 101250, guid: 5e2584a852ef63142b40e217afbf01bc, type: 3}
      propertyPath: m_NavMeshLayer
      value: 1
      objectReference: {fileID: 0}
    - target: {fileID: 102544, guid: 5e2584a852ef63142b40e217afbf01bc, type: 3}
      propertyPath: m_NavMeshLayer
      value: 1
      objectReference: {fileID: 0}
    - target: {fileID: 105638, guid: 5e2584a852ef63142b40e217afbf01bc, type: 3}
      propertyPath: m_NavMeshLayer
      value: 1
      objectReference: {fileID: 0}
    - target: {fileID: 106394, guid: 5e2584a852ef63142b40e217afbf01bc, type: 3}
      propertyPath: m_NavMeshLayer
      value: 1
      objectReference: {fileID: 0}
    - target: {fileID: 106864, guid: 5e2584a852ef63142b40e217afbf01bc, type: 3}
      propertyPath: m_NavMeshLayer
      value: 1
      objectReference: {fileID: 0}
    - target: {fileID: 107078, guid: 5e2584a852ef63142b40e217afbf01bc, type: 3}
      propertyPath: m_NavMeshLayer
      value: 1
      objectReference: {fileID: 0}
    - target: {fileID: 108256, guid: 5e2584a852ef63142b40e217afbf01bc, type: 3}
      propertyPath: m_NavMeshLayer
      value: 1
      objectReference: {fileID: 0}
    - target: {fileID: 109406, guid: 5e2584a852ef63142b40e217afbf01bc, type: 3}
      propertyPath: m_NavMeshLayer
      value: 1
      objectReference: {fileID: 0}
    - target: {fileID: 109738, guid: 5e2584a852ef63142b40e217afbf01bc, type: 3}
      propertyPath: m_NavMeshLayer
      value: 1
      objectReference: {fileID: 0}
    - target: {fileID: 112082, guid: 5e2584a852ef63142b40e217afbf01bc, type: 3}
      propertyPath: m_NavMeshLayer
      value: 1
      objectReference: {fileID: 0}
    - target: {fileID: 112634, guid: 5e2584a852ef63142b40e217afbf01bc, type: 3}
      propertyPath: m_NavMeshLayer
      value: 1
      objectReference: {fileID: 0}
    - target: {fileID: 117454, guid: 5e2584a852ef63142b40e217afbf01bc, type: 3}
      propertyPath: m_NavMeshLayer
      value: 1
      objectReference: {fileID: 0}
    - target: {fileID: 124376, guid: 5e2584a852ef63142b40e217afbf01bc, type: 3}
      propertyPath: m_NavMeshLayer
      value: 1
      objectReference: {fileID: 0}
    - target: {fileID: 127060, guid: 5e2584a852ef63142b40e217afbf01bc, type: 3}
      propertyPath: m_NavMeshLayer
      value: 1
      objectReference: {fileID: 0}
    - target: {fileID: 127688, guid: 5e2584a852ef63142b40e217afbf01bc, type: 3}
      propertyPath: m_NavMeshLayer
      value: 1
      objectReference: {fileID: 0}
    - target: {fileID: 128206, guid: 5e2584a852ef63142b40e217afbf01bc, type: 3}
      propertyPath: m_NavMeshLayer
      value: 1
      objectReference: {fileID: 0}
    - target: {fileID: 129408, guid: 5e2584a852ef63142b40e217afbf01bc, type: 3}
      propertyPath: m_NavMeshLayer
      value: 1
      objectReference: {fileID: 0}
    - target: {fileID: 133448, guid: 5e2584a852ef63142b40e217afbf01bc, type: 3}
      propertyPath: m_NavMeshLayer
      value: 1
      objectReference: {fileID: 0}
    - target: {fileID: 135104, guid: 5e2584a852ef63142b40e217afbf01bc, type: 3}
      propertyPath: m_NavMeshLayer
      value: 1
      objectReference: {fileID: 0}
    - target: {fileID: 135798, guid: 5e2584a852ef63142b40e217afbf01bc, type: 3}
      propertyPath: m_NavMeshLayer
      value: 1
      objectReference: {fileID: 0}
    - target: {fileID: 138194, guid: 5e2584a852ef63142b40e217afbf01bc, type: 3}
      propertyPath: m_NavMeshLayer
      value: 1
      objectReference: {fileID: 0}
    - target: {fileID: 141618, guid: 5e2584a852ef63142b40e217afbf01bc, type: 3}
      propertyPath: m_NavMeshLayer
      value: 1
      objectReference: {fileID: 0}
    - target: {fileID: 146472, guid: 5e2584a852ef63142b40e217afbf01bc, type: 3}
      propertyPath: m_NavMeshLayer
      value: 1
      objectReference: {fileID: 0}
    - target: {fileID: 146788, guid: 5e2584a852ef63142b40e217afbf01bc, type: 3}
      propertyPath: m_NavMeshLayer
      value: 1
      objectReference: {fileID: 0}
    - target: {fileID: 149324, guid: 5e2584a852ef63142b40e217afbf01bc, type: 3}
      propertyPath: m_NavMeshLayer
      value: 1
      objectReference: {fileID: 0}
    - target: {fileID: 149414, guid: 5e2584a852ef63142b40e217afbf01bc, type: 3}
      propertyPath: m_NavMeshLayer
      value: 1
      objectReference: {fileID: 0}
    - target: {fileID: 154458, guid: 5e2584a852ef63142b40e217afbf01bc, type: 3}
      propertyPath: m_NavMeshLayer
      value: 1
      objectReference: {fileID: 0}
    - target: {fileID: 158038, guid: 5e2584a852ef63142b40e217afbf01bc, type: 3}
      propertyPath: m_NavMeshLayer
      value: 1
      objectReference: {fileID: 0}
    - target: {fileID: 158578, guid: 5e2584a852ef63142b40e217afbf01bc, type: 3}
      propertyPath: m_NavMeshLayer
      value: 1
      objectReference: {fileID: 0}
    - target: {fileID: 158790, guid: 5e2584a852ef63142b40e217afbf01bc, type: 3}
      propertyPath: m_NavMeshLayer
      value: 1
      objectReference: {fileID: 0}
    - target: {fileID: 170672, guid: 5e2584a852ef63142b40e217afbf01bc, type: 3}
      propertyPath: m_NavMeshLayer
      value: 1
      objectReference: {fileID: 0}
    - target: {fileID: 172872, guid: 5e2584a852ef63142b40e217afbf01bc, type: 3}
      propertyPath: m_NavMeshLayer
      value: 1
      objectReference: {fileID: 0}
    - target: {fileID: 173224, guid: 5e2584a852ef63142b40e217afbf01bc, type: 3}
      propertyPath: m_NavMeshLayer
      value: 1
      objectReference: {fileID: 0}
    - target: {fileID: 182074, guid: 5e2584a852ef63142b40e217afbf01bc, type: 3}
      propertyPath: m_NavMeshLayer
      value: 1
      objectReference: {fileID: 0}
    - target: {fileID: 182490, guid: 5e2584a852ef63142b40e217afbf01bc, type: 3}
      propertyPath: m_NavMeshLayer
      value: 1
      objectReference: {fileID: 0}
    - target: {fileID: 183818, guid: 5e2584a852ef63142b40e217afbf01bc, type: 3}
      propertyPath: m_NavMeshLayer
      value: 1
      objectReference: {fileID: 0}
    - target: {fileID: 183992, guid: 5e2584a852ef63142b40e217afbf01bc, type: 3}
      propertyPath: m_Name
      value: Enemy_01 1
      objectReference: {fileID: 0}
    - target: {fileID: 183992, guid: 5e2584a852ef63142b40e217afbf01bc, type: 3}
      propertyPath: m_Layer
      value: 9
      objectReference: {fileID: 0}
    - target: {fileID: 183992, guid: 5e2584a852ef63142b40e217afbf01bc, type: 3}
      propertyPath: m_TagString
      value: Enemy
      objectReference: {fileID: 0}
    - target: {fileID: 187758, guid: 5e2584a852ef63142b40e217afbf01bc, type: 3}
      propertyPath: m_NavMeshLayer
      value: 1
      objectReference: {fileID: 0}
    - target: {fileID: 187804, guid: 5e2584a852ef63142b40e217afbf01bc, type: 3}
      propertyPath: m_NavMeshLayer
      value: 1
      objectReference: {fileID: 0}
    - target: {fileID: 187990, guid: 5e2584a852ef63142b40e217afbf01bc, type: 3}
      propertyPath: m_NavMeshLayer
      value: 1
      objectReference: {fileID: 0}
    - target: {fileID: 193028, guid: 5e2584a852ef63142b40e217afbf01bc, type: 3}
      propertyPath: m_NavMeshLayer
      value: 1
      objectReference: {fileID: 0}
    - target: {fileID: 199078, guid: 5e2584a852ef63142b40e217afbf01bc, type: 3}
      propertyPath: m_NavMeshLayer
      value: 1
      objectReference: {fileID: 0}
    - target: {fileID: 199686, guid: 5e2584a852ef63142b40e217afbf01bc, type: 3}
      propertyPath: m_NavMeshLayer
      value: 1
      objectReference: {fileID: 0}
    - target: {fileID: 465718, guid: 5e2584a852ef63142b40e217afbf01bc, type: 3}
      propertyPath: m_LocalRotation.x
      value: -0.5785476
      objectReference: {fileID: 0}
    - target: {fileID: 465718, guid: 5e2584a852ef63142b40e217afbf01bc, type: 3}
      propertyPath: m_LocalRotation.y
      value: 0.63248575
      objectReference: {fileID: 0}
    - target: {fileID: 465718, guid: 5e2584a852ef63142b40e217afbf01bc, type: 3}
      propertyPath: m_LocalRotation.z
      value: -0.35251346
      objectReference: {fileID: 0}
    - target: {fileID: 465718, guid: 5e2584a852ef63142b40e217afbf01bc, type: 3}
      propertyPath: m_LocalRotation.w
      value: -0.3754713
      objectReference: {fileID: 0}
    - target: {fileID: 471350, guid: 5e2584a852ef63142b40e217afbf01bc, type: 3}
      propertyPath: m_LocalRotation.x
      value: 0.63248575
      objectReference: {fileID: 0}
    - target: {fileID: 471350, guid: 5e2584a852ef63142b40e217afbf01bc, type: 3}
      propertyPath: m_LocalRotation.z
      value: 0.37547126
      objectReference: {fileID: 0}
    - target: {fileID: 490310, guid: 5e2584a852ef63142b40e217afbf01bc, type: 3}
      propertyPath: m_LocalPosition.x
      value: -3.35
      objectReference: {fileID: 0}
    - target: {fileID: 490310, guid: 5e2584a852ef63142b40e217afbf01bc, type: 3}
      propertyPath: m_LocalPosition.y
      value: 0.45
      objectReference: {fileID: 0}
    - target: {fileID: 490310, guid: 5e2584a852ef63142b40e217afbf01bc, type: 3}
      propertyPath: m_LocalPosition.z
      value: -20.93
      objectReference: {fileID: 0}
    - target: {fileID: 490310, guid: 5e2584a852ef63142b40e217afbf01bc, type: 3}
      propertyPath: m_LocalRotation.x
      value: 0
      objectReference: {fileID: 0}
    - target: {fileID: 490310, guid: 5e2584a852ef63142b40e217afbf01bc, type: 3}
      propertyPath: m_LocalRotation.y
      value: 0
      objectReference: {fileID: 0}
    - target: {fileID: 490310, guid: 5e2584a852ef63142b40e217afbf01bc, type: 3}
      propertyPath: m_LocalRotation.z
      value: 0
      objectReference: {fileID: 0}
    - target: {fileID: 490310, guid: 5e2584a852ef63142b40e217afbf01bc, type: 3}
      propertyPath: m_LocalRotation.w
      value: 1
      objectReference: {fileID: 0}
    - target: {fileID: 490310, guid: 5e2584a852ef63142b40e217afbf01bc, type: 3}
      propertyPath: m_RootOrder
      value: 0
      objectReference: {fileID: 0}
    - target: {fileID: 490310, guid: 5e2584a852ef63142b40e217afbf01bc, type: 3}
      propertyPath: m_LocalEulerAnglesHint.x
      value: 0
      objectReference: {fileID: 0}
    - target: {fileID: 490310, guid: 5e2584a852ef63142b40e217afbf01bc, type: 3}
      propertyPath: m_LocalEulerAnglesHint.y
      value: 0
      objectReference: {fileID: 0}
    - target: {fileID: 490310, guid: 5e2584a852ef63142b40e217afbf01bc, type: 3}
      propertyPath: m_LocalEulerAnglesHint.z
      value: 0
      objectReference: {fileID: 0}
    - target: {fileID: 9538472, guid: 5e2584a852ef63142b40e217afbf01bc, type: 3}
      propertyPath: m_Controller
      value: 
      objectReference: {fileID: 9100000, guid: 7db84b79b9d6e4a4e84f8449c4d5317f, type: 2}
    - target: {fileID: 13776610, guid: 5e2584a852ef63142b40e217afbf01bc, type: 3}
      propertyPath: m_SelectedEditorRenderState
      value: 0
      objectReference: {fileID: 0}
    m_RemovedComponents: []
  m_SourcePrefab: {fileID: 100100000, guid: 5e2584a852ef63142b40e217afbf01bc, type: 3}
--- !u!1 &2032817098062940279 stripped
GameObject:
  m_CorrespondingSourceObject: {fileID: 118444, guid: 5e2584a852ef63142b40e217afbf01bc, type: 3}
  m_PrefabInstance: {fileID: 2032817098062825179}
  m_PrefabAsset: {fileID: 0}
--- !u!1 &2032817098063004517 stripped
GameObject:
  m_CorrespondingSourceObject: {fileID: 181694, guid: 5e2584a852ef63142b40e217afbf01bc, type: 3}
  m_PrefabInstance: {fileID: 2032817098062825179}
  m_PrefabAsset: {fileID: 0}
--- !u!4 &2032817098063291877 stripped
Transform:
  m_CorrespondingSourceObject: {fileID: 467774, guid: 5e2584a852ef63142b40e217afbf01bc, type: 3}
  m_PrefabInstance: {fileID: 2032817098062825179}
  m_PrefabAsset: {fileID: 0}
--- !u!4 &2032817098063270047 stripped
Transform:
  m_CorrespondingSourceObject: {fileID: 448068, guid: 5e2584a852ef63142b40e217afbf01bc, type: 3}
  m_PrefabInstance: {fileID: 2032817098062825179}
  m_PrefabAsset: {fileID: 0}
--- !u!4 &2032817098063314429 stripped
Transform:
  m_CorrespondingSourceObject: {fileID: 490278, guid: 5e2584a852ef63142b40e217afbf01bc, type: 3}
  m_PrefabInstance: {fileID: 2032817098062825179}
  m_PrefabAsset: {fileID: 0}
--- !u!1 &2032817098062927435 stripped
GameObject:
  m_CorrespondingSourceObject: {fileID: 102544, guid: 5e2584a852ef63142b40e217afbf01bc, type: 3}
  m_PrefabInstance: {fileID: 2032817098062825179}
  m_PrefabAsset: {fileID: 0}
--- !u!4 &2032817098063320785 stripped
Transform:
  m_CorrespondingSourceObject: {fileID: 495626, guid: 5e2584a852ef63142b40e217afbf01bc, type: 3}
  m_PrefabInstance: {fileID: 2032817098062825179}
  m_PrefabAsset: {fileID: 0}
--- !u!1 &2032817098062958483 stripped
GameObject:
  m_CorrespondingSourceObject: {fileID: 133448, guid: 5e2584a852ef63142b40e217afbf01bc, type: 3}
  m_PrefabInstance: {fileID: 2032817098062825179}
  m_PrefabAsset: {fileID: 0}
--- !u!1 &2032817098063005795 stripped
GameObject:
  m_CorrespondingSourceObject: {fileID: 183992, guid: 5e2584a852ef63142b40e217afbf01bc, type: 3}
  m_PrefabInstance: {fileID: 2032817098062825179}
  m_PrefabAsset: {fileID: 0}
